@article{perry2001parallel,
  title={Parallel changes in large-scale software development: an observational case study},
  author={Perry, Dewayne E and Siy, Harvey P and Votta, Lawrence G},
  journal={ACM Transactions on Software Engineering and Methodology (TOSEM)},
  volume={10},
  number={3},
  pages={308--337},
  year={2001},
  publisher={ACM}
}

@inproceedings{estublier2005process,
  title={Process model and awareness in SCM},
  author={Estublier, Jacky and Garcia, Sergio},
  booktitle={Proceedings of the 12th international workshop on Software configuration management},
  pages={59--74},
  year={2005},
  organization={ACM}
}

@inproceedings{de2004good,
  title={How a good software practice thwarts collaboration: the multiple roles of APIs in software development},
  author={De Souza, Cleidson RB and Redmiles, David and Cheng, Li-Te and Millen, David and Patterson, John},
  booktitle={ACM SIGSOFT Software Engineering Notes},
  volume={29},
  number={6},
  pages={221--230},
  year={2004},
  organization={ACM}
}

@inproceedings{grinter1998recomposition,
  title={Recomposition: putting it all back together again},
  author={Grinter, Rebecca E},
  booktitle={Proceedings of the 1998 ACM conference on Computer supported cooperative work},
  pages={393--402},
  year={1998},
  organization={ACM}
}

@inproceedings{cheng2003jazzing,
  title={Jazzing up Eclipse with collaborative tools},
  author={Cheng, Li-Te and Hupfer, Susanne and Ross, Steven and Patterson, John},
  booktitle={Proceedings of the 2003 OOPSLA workshop on eclipse technology eXchange},
  pages={45--49},
  year={2003},
  organization={ACM}
}

@inproceedings{costa2013version,
  title={Version Control in Distributed Software Development: a Systematic Mapping Study},
  author={Costa, Catarina and Murta, Leonardo},
  booktitle={Global Software Engineering (ICGSE), 2013 IEEE 8th International Conference on},
  pages={90--99},
  year={2013},
  organization={IEEE}
}

@inproceedings{bang2010codesign,
  title={CoDesign: a highly extensible collaborative software modeling framework},
  author={Bang, Jae Young and Popescu, Daniel and Edwards, George and Medvidovic, Nenad and Kulkarni, Naveen and Rama, Girish M and Padmanabhuni, Srinivas},
  booktitle={Software Engineering, 2010 ACM/IEEE 32nd International Conference on},
  volume={2},
  pages={243--246},
  year={2010},
  organization={IEEE}
}

@inproceedings{hattori2010syde,
  title={Syde: a tool for collaborative software development},
  author={Hattori, Lile and Lanza, Michele},
  booktitle={Proceedings of the 32nd ACM/IEEE International Conference on Software Engineering-Volume 2},
  pages={235--238},
  year={2010},
  organization={ACM}
}

@phdthesis{sarma2008palantir,
  title={Palantir: enhancing configuration management systems with workspace awareness to detect and resolve emerging conflicts},
  author={Sarma, Anita},
  year={2008},
  school={University of California, Irvine}
}

@article{sarma2012palantir,
  title={Palantir: Early detection of development conflicts arising from parallel code changes},
  author={Sarma, Anita and Redmiles, David F and Van Der Hoek, Andre},
  journal={Software Engineering, IEEE Transactions on},
  volume={38},
  number={4},
  pages={889--908},
  year={2012},
  publisher={IEEE}
}

@inproceedings{sarma2007towards,
  title={Towards supporting awareness of indirect conflicts across software configuration management workspaces},
  author={Sarma, Anita and Bortis, Gerald and Van Der Hoek, Andr{\'e}},
  booktitle={Proceedings of the twenty-second IEEE/ACM international conference on Automated software engineering},
  pages={94--103},
  year={2007},
  organization={ACM}
}

@inproceedings{servant2010casi,
  title={CASI: preventing indirect conflicts through a live visualization},
  author={Servant, Francisco and Jones, James A and Van Der Hoek, Andr{\'e}},
  booktitle={Proceedings of the 2010 ICSE Workshop on Cooperative and Human Aspects of Software Engineering},
  pages={39--46},
  year={2010},
  organization={ACM}
}

@inproceedings{biehl2007fastdash,
  title={FASTDash: a visual dashboard for fostering awareness in software teams},
  author={Biehl, Jacob T and Czerwinski, Mary and Smith, Greg and Robertson, George G},
  booktitle={Proceedings of the SIGCHI conference on Human factors in computing systems},
  pages={1313--1322},
  year={2007},
  organization={ACM}
}

@inproceedings{storey2005use,
  title={On the use of visualization to support awareness of human activities in software development: a survey and a framework},
  author={Storey, Margaret-Anne D and {\v{C}}ubrani{\'c}, Davor and German, Daniel M},
  booktitle={Proceedings of the 2005 ACM symposium on Software visualization},
  pages={193--202},
  year={2005},
  organization={ACM}
}

@inproceedings{gutwin1996workspace,
  title={Workspace awareness for groupware},
  author={Gutwin, Carl and Greenberg, Saul},
  booktitle={Conference Companion on Human Factors in Computing Systems},
  pages={208--209},
  year={1996},
  organization={ACM}
}

@article{gutwin1999effects,
  title={The effects of workspace awareness support on the usability of real-time distributed groupware},
  author={Gutwin, Carl and Greenberg, Saul},
  journal={ACM Transactions on Computer-Human Interaction (TOCHI)},
  volume={6},
  number={3},
  pages={243--281},
  year={1999},
  publisher={ACM}
}

@inproceedings{grudin1988cscw,
  title={Why CSCW applications fail: problems in the design and evaluationof organizational interfaces},
  author={Grudin, Jonathan},
  booktitle={Proceedings of the 1988 ACM conference on Computer-supported cooperative work},
  pages={85--93},
  year={1988},
  organization={ACM}
}

@article{grinter1996supporting,
  title={Supporting articulation work using software configuration management systems},
  author={Grinter, Rebecca E},
  journal={Computer Supported Cooperative Work (CSCW)},
  volume={5},
  number={4},
  pages={447--465},
  year={1996},
  publisher={Springer}
}

@inproceedings{arnold1993impact,
  title={Impact Analysis-Towards a Framework for Comparison.},
  author={Arnold, Robert S and Bohner, Shawn A},
  booktitle={ICSM},
  volume={93},
  pages={292--301},
  year={1993}
}

@inproceedings{bajracharya2009sourcerer,
  title={Sourcerer: An internet-scale software repository},
  author={Bajracharya, Sushil and Ossher, Joel and Lopes, Cristina},
  booktitle={Proceedings of the 2009 ICSE Workshop on Search-Driven Development-Users, Infrastructure, Tools and Evaluation},
  pages={1--4},
  year={2009},
  organization={IEEE Computer Society}
}

@inproceedings{da2006lighthouse,
  title={Lighthouse: coordination through emerging design},
  author={Da Silva, Isabella A and Chen, Ping H and Van der Westhuizen, Christopher and Ripley, Roger M and Van Der Hoek, Andr{\'e}},
  booktitle={Proceedings of the 2006 OOPSLA workshop on eclipse technology eXchange},
  pages={11--15},
  year={2006},
  organization={ACM}
}